1726 2891
183 180 266 221 204
805 181 966 216 PLAVTI
1082 182 1138 225 lv,
1156 182 1188 224 2,
1206 184 1258 216 74.
1278 184 1331 216 75.
1354 183 1410 225 lv,
1429 185 1458 226 3,
1478 185 1574 218 1-3,

745 282 1024 323 PnA-mscvs.

961 359 980 379 ³&
1096 360 1115 380 *

684 406 1071 457 ΤΗΕοΡΒοΡ111Ε5.

181 515 318 564 Fuere,
339 516 466 555 iamne
489 515 601 557 abis?

1468 475 1519 502 990
1538 474 1573 503 R.

742 574 773 613 P
782 587 805 613 11
815 589 836 612 Α
846 588 870 613 N
881 587 895 613 1
904 588 922 614 s
933 588 953 614 c
963 587 984 612 v
995 588 1025 614 s.

645 629 817 670 Libessas
836 631 998 682 paenula
1003 636 1038 670 st
1057 633 1165 683 tergo
1186 637 1254 671 tuo
1265 644 1274 670 ι

180 684 285 732 Mihi,
306 683 379 723 nisi
394 689 438 723 ut
453 696 563 724 erum
579 685 752 725 metuam
774 693 811 725 et
831 699 977 735 curem,
998 687 1093 727 nihil
1109 694 1166 728 est
1182 689 1248 740 qui
1263 686 1416 740 tergum
1435 692 1573 740 tegam·
1601 696 1667 732 980
1703 668 1713 743 5

630 877 964 911 THEOPROPIDES.
1012 878 1124 911 SIMO.

683 1038 1072 1078 Tnnopnopmns.

179 1094 279 1133 Perii
300 1094 439 1133 hercle.
482 1093 575 1145 quid
596 1100 711 1145 opust
730 1093 893 1134 uerbis?
912 1101 955 1134 ut
975 1097 1094 1135 uerba
1115 1096 1240 1143 audio,

179 1150 266 1189 Non
287 1150 466 1202 equidem
485 1150 525 1189 in
544 1150 761 1202 Aegyptum
783 1152 872 1190 hinc
891 1152 1008 1191 modo
1028 1153 1163 1192 uectus
1184 1153 1252 1200 fui,

180 1207 248 1245 Set
269 1207 384 1245 etiam
406 1207 444 1245 in
465 1212 586 1245 terras
608 1208 706 1246 solas
729 1220 892 1259 orasque
913 1208 1083 1248 ultumas

178 1328 319 1360 VVb'rter
336 1329 470 1370 gelesen
486 1330 629 1361 werden.
676 1328 701 1360 R
712 1330 840 1362 itschl

176 1375 234 1406 hat
250 1374 330 1406 aber
347 1374 399 1405 ein
424 1374 734 1406 wahrscheinlichcs
757 1374 841 1418 Sup-

176 1419 319 1461 plement
335 1420 471 1450 erdacht
493 1420 557 1450 und
574 1420 626 1451 die
640 1430 753 1461 ganze,
771 1419 842 1452 frii-

176 1465 235 1495 her
260 1465 338 1496 sehr
360 1464 516 1504 unklare,
539 1464 643 1496 Stelle
667 1464 839 1506 folgender

176 1508 308 1541 Massen
326 1509 491 1541 erliiutert
504 1510 585 1541 Par.
600 1509 680 1541 453:
696 1508 840 1542 “Secum

175 1565 239 1585 una
262 1554 312 1586 ire
330 1553 525 1586 Phaniscum
554 1554 643 1586 iubet
673 1555 779 1596 [978]‚
803 1560 839 1587 ut

176 1599 296 1631 haheat
319 1610 381 1642 quo
404 1604 492 1631 teste
517 1604 630 1631 utatur
646 1600 679 1631 in
697 1600 839 1632 Tranio-

176 1655 249 1676 nem
265 1645 329 1676 iam
347 1645 571 1676 conquturus.
608 1644 667 1676 Eri
684 1645 837 1677 timorem

174 1701 255 1732 puer
272 1694 448 1721 caussatur
465 1689 592 1732 [Te'rgo
608 1692 731 1731 timeo].
748 1690 837 1722 Leue

175 1736 236 1766 hoc
266 1745 340 1766 6556
369 1739 402 1766 et
431 1735 512 1766 nihil
540 1735 717 1767 timendum
734 1745 837 1767 senex

174 1780 376 1821 respondens
394 1778 458 1820 [Ne'
473 1781 565 1820 time]
585 1780 713 1812 iamiam
731 1779 838 1812 faces-

174 1834 249 1856 sere
266 1825 359 1856 illum
376 1824 467 1856 uidet
484 1825 768 1867 discedentemque
786 1826 837 1857 his

173 1870 286 1901 uerbis
299 1869 470 1901 inclamat:
484 1871 606 1909 Puere,
620 1872 730 1902 iamne
743 1871 838 1902 abis?

175 1915 321 1956 Quorum
337 1915 418 1946 haec
435 1915 485 1946 uis
504 1919 565 1955 est,
582 1920 617 1946 ut
636 1916 755 1947 omisso
774 1916 837 1947 iam

174 1960 350 1991 comitandi
364 1959 501 1991 consilio
515 1960 631 1991 saltem
643 1960 839 2003 aliquantis-

172 2015 232 2047 per
245 2004 343 2036 etiam
356 2014 526 2036 remanere
538 2004 733 2037 phaniscum
746 2005 838 2045 uelit,

173 2061 235 2092 quo
248 2050 376 2093 plenius
390 2059 501 2081 rerum
514 2060 532 2082 a
546 2050 712 2082 Tranione
725 2055 836 2092 gesta-

173 2106 246 2127 rum
286 2095 447 2127 rationem
487 2095 687 2127 sciscitetur.
750 2095 837 2127 Puer

173 2145 283 2172 autem
305 2140 385 2171 illuc
403 2140 603 2182 respiciens
627 2141 712 2182 quod
729 2140 836 2172 Theo-

173 2185 326 2238 propides
343 2196 384 2216 ne
401 2187 482 2216 time
499 2185 644 2217 dixerat:
668 2183 784 2217 facile
800 2190 837 2217 tu

173 2227 329 2282 quid-em’,
346 2230 466 2272 inquit,
481 2228 591 2262 istud
608 2230 701 2262 dicis.
720 2232 836 2273 quippe

173 2276 227 2318 qui
244 2275 314 2318 ipse
331 2285 479 2307 caussam
491 2275 622 2307 timoris
640 2276 762 2307 nullam
778 2277 838 2307 113-

173 2321 247 2352 bes:
274 2331 291 2352 3
317 2330 378 2362 qua
401 2321 498 2372 longe
524 2331 595 2352 mea
612 2321 760 2353 condicio
786 2321 835 2352 di—

173 2363 261 2397 stat?
301 2366 452 2398 Paenula
480 2366 584 2407 igitur
613 2377 670 2408 pro
699 2362 832 2398 ‘tutela’

173 2410 261 2442 dicta
268 2416 426 2463 propter
451 2411 584 2453 tegendi
610 2411 698 2452 tergi
727 2411 835 2443 notio-

174 2452 264 2487 nem?
318 2455 446 2487 Nonius
465 2455 546 2495 304,
565 2466 599 2496 11,
617 2457 667 2487 ed.
685 2456 758 2488 Bas.
776 2457 834 2487 be-

173 2500 292 2541 st‘atigt
320 2501 371 2532 die
406 2501 598 2541 E1kl'arung
625 2502 682 2533 des
710 2502 834 2533 letzteu

173 2545 329 2577 ἲνοτῑ65ε
362 2546 546 2578 Paenulam
577 2524 729 2578 ”obustae
769 2545 835 2588 [ad]

174 2601 284 2634 omne,
317 2591 475 2634 quicquid
500 2593 601 2634 tegv't,
635 2592 837 2624 nobilissimi

1468 1219 1519 1244 995
1539 1219 1573 1245 R.

912 1335 1010 1364 aeter
1011 1343 1047 1363 es
1059 1332 1318 1365 transtulewnt
1351 1332 1482 1365 Varro
1500 1334 1575 1367 Ma-

912 1379 985 1409 nio:
1012 1395 1053 1400 —
1078 1374 1236 1409 ‘relicum
1273 1377 1392 1421 pedem
1425 1379 1574 1421 paenula

911 1425 1044 1454 scortea
1061 1419 1257 1465 pertegere'
1264 1447 1270 1454 .
1288 1442 1333 1445 -—
1347 1425 1418 1454 nisi
1436 1425 1489 1455 ut:
1513 1424 1572 1456 das

911 1470 950 1498 ut
972 1477 1062 1498 muss
1085 1468 1186 1499 durch
1209 1468 1262 1506 ein
1285 1468 1572 1501 hinzuzudenken-

911 1513 968 1544 des
986 1512 1022 1544 id
1037 1523 1139 1544 mmm
1156 1514 1242 1544 mzlzz'
1261 1515 1313 1544 est
1339 1513 1470 1545 erklart
1485 1524 1572 1546 wer—

911 1558 990 1596 den,
1007 1558 1074 1598 vgl.
1095 1557 1168 1589 268.
1189 1576 1227 1581 —-
1247 1568 1363 1590 eurem
1376 1555 1574 1590 “aufmerk-

912 1612 981 1634 sam
1008 1600 1206 1635 bedienen²’.
1226 1621 1267 1625 —
1285 1601 1425 1635 Hierauf
1447 1602 1574 1636 entfer-

912 1657 974 1678 nen
997 1648 1069 1679 sich
1091 1648 1142 1679 (116
1163 1647 1398 1680 αάιιονείΐονω
1414 1649 1496 1680 nach
1512 1649 1573 1681 der

910 1692 1090 1724 Stadtseite
1107 1693 1173 1725 hin.

955 1781 1135 1814 Zwo'lfte
1170 1782 1305 1814 Scene.
1366 1782 1572 1826 Theopropi-

909 1828 965 1859 des
983 1828 1120 1866 31161116ς
1138 1827 1245 1868 gleich
1261 1828 1381 1859 darauf
1389 1827 1488 1868 Simo,
1505 1839 1572 1860 von

909 1873 968 1904 der
985 1872 1164 1904 Stadtseite
1181 1872 1362 1904 kommend.

954 1917 1030 1949 981.
1056 1917 1137 1959 quzd
1151 1920 1250 1960 opust
1267 1918 1397 1950 uerbis:
1422 1927 1457 1949 es
1475 1918 1520 1950 ist
1535 1918 1569 1950 111

908 1963 1018 1994 dieser
1037 1963 1114 1994 sehr
1129 1963 1281 2004 h'aufigeu
1297 1962 1482 1995 Redensart
1494 1963 1572 2006 plu-

909 2008 1004 2039 ribus
1040 2008 1324 2039 hinzuzudenken:
1355 2005 1375 2015 ‘
1387 2018 1457 2040 was
1488 2009 1571 2040 thun

909 2053 993 2084 noch
1008 2053 1100 2084 mehr
1116 2052 1160 2084 w
1167 2057 1240 2084 orte
1258 2053 1387 2094 nb'thig.
1381 2059 1392 2077 ²
1415 2053 1570 2093 (Warum

908 2098 1051 2129 brauche
1068 2098 1120 2129 ich
1135 2098 1219 2129 denn
1235 2098 1336 2130 Jenen
1354 2099 1438 2129 noch
1453 2099 1573 2130 weiter

909 2154 950 2174 zu
966 2141 1135 2184 befragen,
1150 2143 1215 2174 wie
1231 2143 1284 2174 ich
1296 2143 1378 2175 eben
1394 2143 1510 2175 wollte
1518 2141 1567 2179 ?)'’

908 2206 951 2211 -—
968 2191 1007 2219 ut
1027 2189 1133 2220 uerba
1153 2187 1254 2219 audio
1277 2189 1415 2229 (ebenso
1439 2187 1512 2220 Cas.
1530 2187 1569 2228 Π,

909 2234 940 2273 5,
955 2233 991 2270 43
1020 2236 1057 2265 ut
1084 2243 1271 2265 sermionem
1300 2233 1400 2265 audio
1423 2233 1476 2265 Ps.
1493 2233 1566 2274 99):

904 2275 1023 2310 “Nach
1050 2279 1138 2318 dem,
1161 2288 1230 2310 was
1259 2278 1312 2309 ich
1333 2279 1432 2318 hore,
1457 2278 1568 2317 (weiss

906 2323 958 2354 ich
974 2333 1090 2364 geuug,
1108 2334 1160 2354 um
1179 2333 1220 2354 311
1239 2324 1302 2355 11111·
1313 2323 1419 2355 selbst
1435 2324 1500 2355 und
1517 2323 1568 2354 al—

906 2369 958 2399 len
990 2368 1118 2399 meinen
1149 2367 1380 2410 Umgebungen
1418 2368 1487 2400 irre
1527 2379 1568 2400 zu

906 2414 1054 2444 werden:
1083 2423 1119 2444 es
1136 2413 1181 2445 ist
1196 2414 1277 2450 mir,
1300 2414 1350 2445 als
1375 2413 1415 2445 ob
1431 2413 1484 2445 ich
1505 2413 1566 2446 den

906 2458 1073 2491 Verstand
1088 2458 1256 2490 verlieren
1274 2455 1421 2499 sollte.)‘'

952 2503 1028 2535 982.
1067 2502 1143 2536 Non.
1164 2503 1333 2545 equidem:
1362 2514 1403 2535 zu
1426 2503 1500 2535 591.
1523 2521 1567 2525 -—

906 2551 1024 2580 uectus
1044 2548 1104 2590 fui
1131 2548 1223 2587 (aber
1239 2548 1305 2580 984
1325 2559 1403 2580 snm
1423 2550 1567 2580 circum-

904 2595 1047 2634 uectus),
1064 2604 1090 2625 s.
1108 2605 1149 2625 zu
1166 2594 1241 2626 679.
